<collection xmlns="http://www.loc.gov/MARC21/slim">
<record>
  <leader>01283nam0a22002411i 450 </leader>
  <controlfield tag="001">IT\ICCU\CNCE\063341</controlfield>
  <controlfield tag="005">20070919000000.0</controlfield>
  <datafield tag="100" ind1=" " ind2=" ">
    <subfield code="a">20051223d1532        0itac0103    ba</subfield>
  </datafield>
  <datafield tag="101" ind1=" " ind2=" ">
    <subfield code="a">ITA</subfield>
  </datafield>
  <datafield tag="102" ind1=" " ind2=" ">
    <subfield code="a">IT</subfield>
  </datafield>
  <datafield tag="200" ind1="1" ind2=" ">
    <subfield code="a">Historia de le guerre de la beatitudine de papa Iulio secondo contra el christianiss. re de Francia e delli exerciti del catholico re di Spagna et come venne a campo alla magnifica citta de Bologna e la presa dela citta de Bressa e de la Bastia e del fatto darme et saccomano de Rauenna et altre cose fine al presente</subfield>
  </datafield>
  <datafield tag="210" ind1=" " ind2=" ">
    <subfield code="e">Stampata in Bologna</subfield>
    <subfield code="g">per Iustinian da Rubiera</subfield>
    <subfield code="h">1532</subfield>
  </datafield>
  <datafield tag="215" ind1=" " ind2=" ">
    <subfield code="a">\4! c.</subfield>
    <subfield code="c">ill.</subfield>
    <subfield code="d">4ʻ</subfield>
  </datafield>
  <datafield tag="620" ind1=" " ind2=" ">
    <subfield code="a">IT</subfield>
    <subfield code="d">Bologna</subfield>
  </datafield>
  <datafield tag="700" ind1=" " ind2="1">
    <subfield code="a">Sorci,</subfield>
    <subfield code="b">Regolo : de</subfield>
    <subfield code="3">IT\ICCU\CNCA\025960</subfield>
  </datafield>
  <datafield tag="712" ind1="0" ind2="2">
    <subfield code="a">Giustiniano da Rubiera</subfield>
    <subfield code="3">IT\ICCU\CNCT\000178</subfield>
    <subfield code="4">650</subfield>
  </datafield>
  <datafield tag="791" ind1="0" ind2="2">
    <subfield code="a">Iustinianus Leonardi Ruberiensis</subfield>
    <subfield code="3">IT\ICCU\CNCT\002726</subfield>
    <subfield code="z">Giustiniano da Rubiera</subfield>
  </datafield>
  <datafield tag="791" ind1="0" ind2="0">
    <subfield code="a">Rubiera, Giustiniano da</subfield>
    <subfield code="3">IT\ICCU\CNCT\003827</subfield>
    <subfield code="z">Giustiniano da Rubiera</subfield>
  </datafield>
  <datafield tag="791" ind1="0" ind2="0">
    <subfield code="a">Heriberia, Iustinianus de</subfield>
    <subfield code="3">IT\ICCU\CNCT\004942</subfield>
    <subfield code="z">Giustiniano da Rubiera</subfield>
  </datafield>
  <datafield tag="791" ind1="0" ind2="0">
    <subfield code="a">Ruberiensis, Iustinianus</subfield>
    <subfield code="3">IT\ICCU\CNCT\004943</subfield>
    <subfield code="z">Giustiniano da Rubiera</subfield>
  </datafield>
  <datafield tag="791" ind1="0" ind2="0">
    <subfield code="a">Ruberia, Iustiniano de</subfield>
    <subfield code="3">IT\ICCU\CNCT\004947</subfield>
    <subfield code="z">Giustiniano da Rubiera</subfield>
  </datafield>
  <datafield tag="801" ind1=" " ind2="3">
    <subfield code="a">IT</subfield>
    <subfield code="b">ICCU</subfield>
    <subfield code="c">20201115</subfield>
  </datafield>
  <datafield tag="899" ind1=" " ind2=" ">
    <subfield code="a">British Library. London</subfield>
    <subfield code="1">UK0001</subfield>
  </datafield>
</record>
</collection>
